## Place biblatex entries here.
@article{greff2016lstm,
  title={LSTM: A search space odyssey},
  author={Greff, Klaus and Srivastava, Rupesh K and Koutnik, Jan and Steunebrink, Bas R and Schmidhuber, J{\"u}rgen},
  journal={IEEE transactions on neural networks and learning systems},
  volume={28},
  number={10},
  pages={2222--2232},
  year={2016},
  publisher={IEEE}
}

@book{goodfellow2016deep,
  title={Deep learning},
  author={Goodfellow, Ian and Bengio, Yoshua and Courville, Aaron},
  year={2016},
  publisher={MIT press}
}

@article{elman1990finding,
  title     = {Finding structure in time},
  author    = {Elman, Jeffrey L},
  journal   = {Cognitive science},
  volume    = {14},
  number    = {2},
  pages     = {179--211},
  year      = {1990},
  publisher = {Wiley Online Library}
}